@article{Team2024OctoAO,
  title={Octo: An Open-Source Generalist Robot Policy},
  author={Octo Model Team and Dibya Ghosh and Homer Walke and Karl Pertsch and Kevin Black and Oier Mees and Sudeep Dasari and Joey Hejna and Tobias Kreiman and Charles Xu and Jianlan Luo and You Liang Tan and Pannag R. Sanketi and Quan Vuong and Ted Xiao and Dorsa Sadigh and Chelsea Finn and Sergey Levine},
  journal={ArXiv},
  year={2024},
  volume={abs/2405.12213},
  url={https://api.semanticscholar.org/CorpusID:266379116}
}
@article{Chi2023DiffusionPV,
  title={Diffusion Policy: Visuomotor Policy Learning via Action Diffusion},
  author={Cheng Chi and Siyuan Feng and Yilun Du and Zhenjia Xu and Eric A. Cousineau and Benjamin Burchfiel and Shuran Song},
  journal={ArXiv},
  year={2023},
  volume={abs/2303.04137},
  url={https://api.semanticscholar.org/CorpusID:257378658}
}
@article{Kim2024OpenVLAAO,
  title={OpenVLA: An Open-Source Vision-Language-Action Model},
  author={Moo Jin Kim and Karl Pertsch and Siddharth Karamcheti and Ted Xiao and Ashwin Balakrishna and Suraj Nair and Rafael Rafailov and Ethan Foster and Grace Lam and Pannag R. Sanketi and Quan Vuong and Thomas Kollar and Benjamin Burchfiel and Russ Tedrake and Dorsa Sadigh and Sergey Levine and Percy Liang and Chelsea Finn},
  journal={ArXiv},
  year={2024},
  volume={abs/2406.09246},
  url={https://api.semanticscholar.org/CorpusID:270440391}
}
@article{Shang2024TheiaDD,
  title={Theia: Distilling Diverse Vision Foundation Models for Robot Learning},
  author={Jinghuan Shang and Karl Schmeckpeper and Brandon B. May and Maria Vittoria Minniti and Tarik Kelestemur and David Watkins and Laura Herlant},
  journal={ArXiv},
  year={2024},
  volume={abs/2407.20179},
  url={https://api.semanticscholar.org/CorpusID:271534507}
}
@article{Zhou2024TransfusionPT,
  title={Transfusion: Predict the Next Token and Diffuse Images with One Multi-Modal Model},
  author={Chunting Zhou and Lili Yu and Arun Babu and Kushal Tirumala and Michihiro Yasunaga and Leonid Shamis and Jacob Kahn and Xuezhe Ma and Luke Zettlemoyer and Omer Levy},
  journal={ArXiv},
  year={2024},
  volume={abs/2408.11039},
  url={https://api.semanticscholar.org/CorpusID:271909855}
}
@inproceedings{Nasiriany2024RTAffordanceAA,
  title={RT-Affordance: Affordances are Versatile Intermediate Representations for Robot Manipulation},
  author={Soroush Nasiriany and Sean Kirmani and Tianli Ding and Laura Smith and Yuke Zhu and Danny Driess and Dorsa Sadigh and Ted Xiao},
  year={2024},
  url={https://api.semanticscholar.org/CorpusID:273821310}
}
@article{Padalkar2023OpenXR,
  title={Open X-Embodiment: Robotic Learning Datasets and RT-X Models},
  author={Abhishek Padalkar and Acorn Pooley and Ajinkya Jain and Alex Bewley and Alex Herzog and Alex Irpan and Alexander Khazatsky and Anant Rai and Anikait Singh and Anthony Brohan and Antonin Raffin and Ayzaan Wahid and Ben Burgess-Limerick and Beomjoon Kim and Bernhard Sch{\"o}lkopf and Brian Ichter and Cewu Lu and Charles Xu and Chelsea Finn and Chenfeng Xu and Cheng Chi and Chenguang Huang and Christine Chan and Chuer Pan and Chuyuan Fu and Coline Devin and Danny Driess and Deepak Pathak and Dhruv Shah and Dieter B{\"u}chler and Dmitry Kalashnikov and Dorsa Sadigh and Edward Johns and Federico Ceola and Fei Xia and Freek Stulp and Gaoyue Zhou and Gaurav S. Sukhatme and Gautam Salhotra and Ge Yan and Giulio Schiavi and Hao Su and Haoshu Fang and Haochen Shi and Heni Ben Amor and Henrik I Christensen and Hiroki Furuta and Homer Walke and Hongjie Fang and Igor Mordatch and Ilija Radosavovic and Isabel Leal and Jacky Liang and Jaehyung Kim and Jan Schneider and Jasmine Hsu and Jeannette Bohg and Jeff Bingham and Jiajun Wu and Jialin Wu and Jianlan Luo and Jiayuan Gu and Jie Tan and Jihoon Oh and Jitendra Malik and Jonathan Tompson and Jonathan Yang and Joseph J. Lim and Jo{\~a}o Silv{\'e}rio and Junhyek Han and Kanishka Rao and Karl Pertsch and Karol Hausman and Keegan Go and Keerthana Gopalakrishnan and Ken Goldberg and Kendra Byrne and Kenneth Oslund and Kento Kawaharazuka and Kevin Zhang and Keyvan Majd and Krishan Rana and Krishna Parasuram Srinivasan and Lawrence Yunliang Chen and Lerrel Pinto and Liam Tan and Lionel Ott and Lisa Lee and Masayoshi Tomizuka and Maximilian Du and Michael Ahn and Mingtong Zhang and Mingyu Ding and Mohan Kumar Srirama and Mohit Sharma and Moo Jin Kim and Naoaki Kanazawa and Nicklas Hansen and Nicolas Manfred Otto Heess and Nikhil J. Joshi and Niko Suenderhauf and Norman Di Palo and Nur Muhammad Mahi Shafiullah and Oier Mees and Oliver Kroemer and Pannag R. Sanketi and Paul Wohlhart and Peng Xu and Pierre Sermanet and Priya Sundaresan and Quan Ho Vuong and Rafael Rafailov and Ran Tian and Ria Doshi and Russell Mendonca and Rutav Shah and Ryan Hoque and Ryan C. Julian and Samuel Bustamante and Sean Kirmani and Sergey Levine and Sherry Moore and Shikhar Bahl and Shivin Dass and Shuran Song and Sichun Xu and Siddhant Haldar and Simeon Adebola and Simon Guist and Soroush Nasiriany and Stefan Schaal and Stefan Welker and Stephen Tian and Sudeep Dasari and Suneel Belkhale and Takayuki Osa and Tatsuya Harada and Tatsuya Matsushima and Ted Xiao and Tianhe Yu and Tianli Ding and Todor Davchev and Tony Zhao and Travis Armstrong and Trevor Darrell and Vidhi Jain and Vincent Vanhoucke and Wei Zhan and Wenxuan Zhou and Wolfram Burgard and Xi Chen and Xiaolong Wang and Xinghao Zhu and Xuanlin Li and Yao Lu and Yevgen Chebotar and Yifan Zhou and Yifeng Zhu and Ying Xu and Yixuan Wang and Yonatan Bisk and Yoonyoung Cho and Youngwoon Lee and Yuchen Cui and Yueh-hua Wu and Yujin Tang and Yuke Zhu and Yunzhu Li and Yusuke Iwasawa and Yutaka Matsuo and Zhuo Xu and Zichen Jeff Cui},
  journal={ArXiv},
  year={2023},
  volume={abs/2310.08864},
  url={https://api.semanticscholar.org/CorpusID:263626099}
}
@article{Wen2024TinyVLATF,
  title={TinyVLA: Towards Fast, Data-Efficient Vision-Language-Action Models for Robotic Manipulation},
  author={Junjie Wen and Yichen Zhu and Jinming Li and Minjie Zhu and Kun Wu and Zhiyuan Xu and Ning Liu and Ran Cheng and Chaomin Shen and Yaxin Peng and Feifei Feng and Jian Tang},
  journal={ArXiv},
  year={2024},
  volume={abs/2409.12514},
  url={https://api.semanticscholar.org/CorpusID:272753287}
}
@article{Kim2024OpenVLAAO,
  title={OpenVLA: An Open-Source Vision-Language-Action Model},
  author={Moo Jin Kim and Karl Pertsch and Siddharth Karamcheti and Ted Xiao and Ashwin Balakrishna and Suraj Nair and Rafael Rafailov and Ethan Foster and Grace Lam and Pannag R. Sanketi and Quan Vuong and Thomas Kollar and Benjamin Burchfiel and Russ Tedrake and Dorsa Sadigh and Sergey Levine and Percy Liang and Chelsea Finn},
  journal={ArXiv},
  year={2024},
  volume={abs/2406.09246},
  url={https://api.semanticscholar.org/CorpusID:270440391}
}